
@article{bib1,
  title={Climate change projections for the Mediterranean region},
  author={Giorgi F, Lionello P},
  journal={Global and Planetary Change },
  year={2009},
  volume={63},
  pages={90-104}
}

@article{bib2,
  title={An inter-comparison of regional climate models for Europe: model performance in present-day climate. },
  author={Jacob D, Bärring L, Christensen O B },
  journal={Climatic change},
  year={2007},
  volume={81},
  pages={31-52},
}

@article{bib3,
  title={An inter-comparison of regional climate models for Europe: model performance in present-day climate. },
  author={Vidale PL, Lu¨thi D, Frei C},
  journal={Journey of Geophysics Research},
  year={2003},
  volume={108},
  pages={31-52},
  doi={doi:10.1029/2002JD002810},
}

@article{bib4,
  title={Hydrologic implications of dynamical and statistical approaches to downscaling climate model outputs.},
  author={Wood A W, Leung L R, Sridhar V},
  journal={Climatic Change},
  year={2004},
  volume={62},
  pages={189-216},
}

@article{bib5,
  title={Statistical and dynamical downscalinf of Seine basin climate for hydro-meteorological studies},
  author={Boé J, Terray L, Habets F },
  journal={International Journal of Climatology},
  year={2007},
  volume={27},
  number={12},
  pages={1643-1655},
}

@article{bib6,
  title={Bayesian multi-model projection of climate: bias assumptions and interannual variability},
  author={Buser M, Künsch H R, Lüthi D  },
  journal={Climate Dynamics},
  year={2009},
  volume={33},
  number={6},
  pages={849-868},
}


@article{bib7,
  title={Bias correction of daily GCM rainfall for crop simulation studies},
  author={Ines A V, Hansen J W},
  journal={Agricultural and Forest Meteorology},
  year={2006},
  volume={138},
  number={1},
  pages={44-53},
}


@article{bib8,
  title={Daily and monthly temperature and precipitation statistics as performance indicators for regional climate models},
  author={Buser M, Künsch H R, Lüthi D},
  journal={Climate Research},
  year={2010},
  volume={44},
  number={3},
  pages={135-150},
}

@article{bib9,
  title={The first multi-model ensemble of regional climate simulations at kilometer-scale resolution, part I: evaluation of precipitation},
  author={Ban N, Caillau C, Coppola E},
  journal={Climate Dynamics},
  year={2021},
  volume={57},
  number={1},
  pages={275-302}
}
